<?xml version="1.0" encoding="UTF-8"?><record xmlns="http://www.loc.gov/MARC21/slim" xmlns:cinclude="http://apache.org/cocoon/include/1.0" xmlns:zs="http://www.loc.gov/zing/srw/">
  <leader>00625cz  a2200169n  4500</leader>
  <controlfield tag="001">no2006061848</controlfield>
  <controlfield tag="003">DLC</controlfield>
  <controlfield tag="005">20081002080903.0</controlfield>
  <controlfield tag="008">060504n| acannaabn          |b aaa     c</controlfield>
  <datafield tag="010" ind1=" " ind2=" ">
    <subfield code="a">no2006061848</subfield>
  </datafield>
  <datafield tag="035" ind1=" " ind2=" ">
    <subfield code="a">(OCoLC)oca06969093</subfield>
  </datafield>
  <datafield tag="040" ind1=" " ind2=" ">
    <subfield code="a">CU-S</subfield>
    <subfield code="b">eng</subfield>
    <subfield code="c">CU-S</subfield>
    <subfield code="d">OCoLC</subfield>
  </datafield>
  <datafield tag="100" ind1="1" ind2=" ">
    <subfield code="a">Nomoto, Tetsuji</subfield>
  </datafield>
  <datafield tag="400" ind1="1" ind2=" ">
    <subfield code="a">野本哲嗣</subfield>
  </datafield>
  <datafield tag="667" ind1=" " ind2=" ">
    <subfield code="a">Machine-derived non-Latin script reference project.</subfield>
  </datafield>
  <datafield tag="667" ind1=" " ind2=" ">
    <subfield code="a">Non-Latin script reference not evaluated.</subfield>
  </datafield>
  <datafield tag="670" ind1=" " ind2=" ">
    <subfield code="a">Keiei bunseki, 2002:</subfield>
    <subfield code="b">t.p. (Nomoto Tetsuji) colophon p. (grad., Dōshisha Daigaku Hōgakubu; CEO, Oriento Asetto Manegimento LLC; exec., Tradition Orient FX Co., Ltd.)</subfield>
  </datafield>
</record>